@inproceedings{DBLP:conf/wsdm/BalalauBCGS15,
	author       = {Oana Denisa Balalau and
	Francesco Bonchi and
	T.{-}H. Hubert Chan and
	Francesco Gullo and
	Mauro Sozio},
	title        = {Finding Subgraphs with Maximum Total Density and Limited Overlap},
	booktitle    = {{WSDM}},
	pages        = {379--388},
	publisher    = {{ACM}},
	year         = {2015}
}

@inproceedings{DBLP:conf/www/DanischCS17,
	author       = {Maximilien Danisch and
	T.{-}H. Hubert Chan and
	Mauro Sozio},
	title        = {Large Scale Density-friendly Graph Decomposition via Convex Programming},
	booktitle    = {{WWW}},
	pages        = {233--242},
	publisher    = {{ACM}},
	year         = {2017}
}

@InProceedings{10.1007/3-540-44436-X_10,
	author="Charikar, Moses",
	editor="Jansen, Klaus
	and Khuller, Samir",
	title="Greedy Approximation Algorithms for Finding Dense Components in a Graph",
	booktitle="Approximation Algorithms for Combinatorial Optimization",
	year="2000",
	publisher="Springer Berlin Heidelberg",
	address="Berlin, Heidelberg",
	pages="84--95",
	isbn="978-3-540-44436-7"
}

@inproceedings{DBLP:conf/icalp/Zhang09,
	author       = {Li Zhang},
	title        = {Proportional Response Dynamics in the Fisher Market},
	booktitle    = {{ICALP} {(2)}},
	series       = {Lecture Notes in Computer Science},
	volume       = {5556},
	pages        = {583--594},
	publisher    = {Springer},
	year         = {2009}
}


@article{dong2022gaussian,
  title={Gaussian differential privacy},
  author={Dong, Jinshuo and Roth, Aaron and Su, Weijie J},
  journal={Journal of the Royal Statistical Society Series B: Statistical Methodology},
  volume={84},
  number={1},
  pages={3--37},
  year={2022},
  publisher={Oxford University Press}
}

@article{shmyrev2009algorithm,
	title={An algorithm for finding equilibrium in the linear exchange model with fixed budgets},
	author={Shmyrev, Vadim I},
	journal={Journal of Applied and Industrial Mathematics},
	volume={3},
	pages={505--518},
	year={2009},
	publisher={Springer}
}

@inproceedings{wu2007proportional,
	title={Proportional response dynamics leads to market equilibrium},
	author={Wu, Fang and Zhang, Li},
	booktitle={Proceedings of the thirty-ninth annual ACM symposium on Theory of computing},
	pages={354--363},
	year={2007}
}

@article{zhang2011proportional,
	title={Proportional response dynamics in the Fisher market},
	author={Zhang, Li},
	journal={Theoretical Computer Science},
	volume={412},
	number={24},
	pages={2691--2698},
	year={2011},
	publisher={Elsevier}
}

@inproceedings{birnbaum2011distributed,
	title={Distributed algorithms via gradient descent for Fisher markets},
	author={Birnbaum, Benjamin and Devanur, Nikhil R and Xiao, Lin},
	booktitle={Proceedings of the 12th ACM conference on Electronic commerce},
	pages={127--136},
	year={2011}
}

@article{beck2009fast,
	title={A fast iterative shrinkage-thresholding algorithm for linear inverse problems},
	author={Beck, Amir and Teboulle, Marc},
	journal={SIAM journal on imaging sciences},
	volume={2},
	number={1},
	pages={183--202},
	year={2009},
	publisher={SIAM}
}
@article{wang2013projection,
	title={Projection onto the probability simplex: An efficient algorithm with a simple proof, and an application},
	author={Wang, Weiran and Carreira-Perpin{\'a}n, Miguel A},
	journal={arXiv preprint arXiv:1309.1541},
	year={2013}
}


@article{iutzeler2018distributed,
	title={Distributed Projection on the Simplex and $\ell_1$ Ball via ADMM and Gossip},
	author={Iutzeler, Franck and Condat, Laurent},
	journal={IEEE Signal Processing Letters},
	volume={25},
	number={11},
	pages={1650--1654},
	year={2018},
	publisher={IEEE}
}

@article{goldberg1984finding,
	title={Finding a maximum density subgraph},
	author={Goldberg, Andrew V},
	year={1984},
	publisher={University of California Berkeley}
}


@inproceedings{khuller2009finding,
	title={On finding dense subgraphs},
	author={Khuller, Samir and Saha, Barna},
	booktitle={International colloquium on automata, languages, and programming},
	pages={597--608},
	year={2009},
	organization={Springer}
}

@inproceedings{ma2020efficient,
	title={Efficient algorithms for densest subgraph discovery on large directed graphs},
	author={Ma, Chenhao and Fang, Yixiang and Cheng, Reynold and Lakshmanan, Laks VS and Zhang, Wenjie and Lin, Xuemin},
	booktitle={Proceedings of the 2020 ACM SIGMOD International Conference on Management of Data},
	pages={1051--1066},
	year={2020}
}

@article{angel2012dense,
	title={Dense subgraph maintenance under streaming edge weight updates for real-time story identification},
	author={Angel, Albert and Sarkas, Nikos and Koudas, Nick and Srivastava, Divesh},
	journal={Proceedings of the VLDB Endowment},
	volume={5},
	number={6},
	pages={574--585},
	year={2012},
	publisher={VLDB Endowment}
}

@inproceedings{shin2016corescope,
	title={Corescope: Graph mining using k-core analysisâ€”patterns, anomalies and algorithms},
	author={Shin, Kijung and Eliassi-Rad, Tina and Faloutsos, Christos},
	booktitle={2016 IEEE 16th international conference on data mining (ICDM)},
	pages={469--478},
	year={2016},
	organization={IEEE}
}

@inproceedings{li2020flowscope,
	title={Flowscope: Spotting money laundering based on graphs},
	author={Li, Xiangfeng and Liu, Shenghua and Li, Zifeng and Han, Xiaotian and Shi, Chuan and Hooi, Bryan and Huang, He and Cheng, Xueqi},
	booktitle={Proceedings of the AAAI conference on artificial intelligence},
	volume={34},
	number={04},
	pages={4731--4738},
	year={2020}
}

@inproceedings{tatti2015density,
	title={Density-friendly graph decomposition},
	author={Tatti, Nikolaj and Gionis, Aristides},
	booktitle={Proceedings of the 24th International Conference on World Wide Web},
	pages={1089--1099},
	year={2015}
}

@article{tatti2019density,
	title={Density-friendly graph decomposition},
	author={Tatti, Nikolaj},
	journal={ACM Transactions on Knowledge Discovery from Data (TKDD)},
	volume={13},
	number={5},
	pages={1--29},
	year={2019},
	publisher={ACM New York, NY, USA}
}

@article{harb2022faster,
	title={Faster and scalable algorithms for densest subgraph and decomposition},
	author={Harb, Elfarouk and Quanrud, Kent and Chekuri, Chandra},
	journal={Advances in Neural Information Processing Systems},
	volume={35},
	pages={26966--26979},
	year={2022}
}

@article{brainard2005compute,
	title={How to compute equilibrium prices in 1891},
	author={Brainard, William C and Scarf, Herbert E},
	journal={American Journal of Economics and Sociology},
	volume={64},
	number={1},
	pages={57--83},
	year={2005},
	publisher={Wiley Online Library}
}

@article{arrow1954existence,
	title={Existence of an equilibrium for a competitive economy},
	author={Arrow, Kenneth J and Debreu, Gerard},
	journal={Econometrica: Journal of the Econometric Society},
	pages={265--290},
	year={1954},
	publisher={JSTOR}
}

@article{eisenberg1959consensus,
	title={Consensus of subjective probabilities: The pari-mutuel method},
	author={Eisenberg, Edmund and Gale, David},
	journal={The Annals of Mathematical Statistics},
	volume={30},
	number={1},
	pages={165--168},
	year={1959},
	publisher={JSTOR}
}

@inproceedings{deng2002complexity,
	title={On the complexity of equilibria},
	author={Deng, Xiaotie and Papadimitriou, Christos and Safra, Shmuel},
	booktitle={Proceedings of the thiry-fourth annual ACM symposium on Theory of computing},
	pages={67--71},
	year={2002}
}

@inproceedings{devanur2002market,
	title={Market equilibrium via a primal-dual-type algorithm},
	author={Devanur, Nikhil R and Papadimitriou, Christos H and Saberi, Amin and Vazirani, Vijay V},
	booktitle={The 43rd Annual IEEE Symposium on Foundations of Computer Science, 2002. Proceedings.},
	pages={389--395},
	year={2002},
	organization={IEEE}
}

@article{jain2007polynomial,
	title={A polynomial time algorithm for computing an Arrow--Debreu market equilibrium for linear utilities},
	author={Jain, Kamal},
	journal={SIAM Journal on Computing},
	volume={37},
	number={1},
	pages={303--318},
	year={2007},
	publisher={SIAM}
}

@article{ye2008path,
	title={A path to the Arrow--Debreu competitive market equilibrium},
	author={Ye, Yinyu},
	journal={Mathematical Programming},
	volume={111},
	number={1},
	pages={315--348},
	year={2008},
	publisher={Springer}
}


@article{kelly1997charging,
	title={Charging and rate control for elastic traffic},
	author={Kelly, Frank},
	journal={European transactions on Telecommunications},
	volume={8},
	number={1},
	pages={33--37},
	year={1997},
	publisher={Wiley Online Library}
}

@article{kelly1998rate,
	title={Rate control for communication networks: shadow prices, proportional fairness and stability},
	author={Kelly, Frank P and Maulloo, Aman K and Tan, David Kim Hong},
	journal={Journal of the Operational Research society},
	volume={49},
	pages={237--252},
	year={1998},
	publisher={Springer}
}

@book{walras1900elements,
	title={{\'E}l{\'e}ments d'{\'e}conomie politique pure: ou, Th{\'e}orie de la richesse sociale},
	author={Walras, L{\'e}on},
	year={1900},
	publisher={F. Rouge}
}

@inproceedings{cole2008fast,
	title={Fast-converging tatonnement algorithms for one-time and ongoing market problems},
	author={Cole, Richard and Fleischer, Lisa},
	booktitle={Proceedings of the fortieth annual ACM symposium on Theory of computing},
	pages={315--324},
	year={2008}
}

@article{vazirani2010spending,
	title={Spending constraint utilities with applications to the adwords market},
	author={Vazirani, Vijay V},
	journal={Mathematics of Operations Research},
	volume={35},
	number={2},
	pages={458--478},
	year={2010},
	publisher={INFORMS}
}

@article{devanur2008market,
	title={Market equilibrium via a primal--dual algorithm for a convex program},
	author={Devanur, Nikhil R and Papadimitriou, Christos H and Saberi, Amin and Vazirani, Vijay V},
	journal={Journal of the ACM (JACM)},
	volume={55},
	number={5},
	pages={1--18},
	year={2008},
	publisher={ACM New York, NY, USA}
}

@article{fujishige1980lexicographically,
  title={Lexicographically optimal base of a polymatroid with respect to a weight vector},
  author={Fujishige, Satoru},
  journal={Mathematics of Operations Research},
  volume={5},
  number={2},
  pages={186--196},
  year={1980},
  publisher={INFORMS}
}

@article{DBLP:journals/jacm/ChanCMS22,
	author       = {T.{-}H. Hubert Chan and
	Kai{-}Min Chung and
	Bruce M. Maggs and
	Elaine Shi},
	title        = {Foundations of Differentially Oblivious Algorithms},
	journal      = {J. {ACM}},
	volume       = {69},
	number       = {4},
	pages        = {27:1--27:49},
	year         = {2022}
}

@inproceedings{DBLP:conf/approx/BeimelNZ19,
	author       = {Amos Beimel and
	Kobbi Nissim and
	Mohammad Zaheri},
	title        = {Exploring Differential Obliviousness},
	booktitle    = {{APPROX-RANDOM}},
	series       = {LIPIcs},
	volume       = {145},
	pages        = {65:1--65:20},
	publisher    = {Schloss Dagstuhl - Leibniz-Zentrum f{\"{u}}r Informatik},
	year         = {2019}
}

@inproceedings{DBLP:conf/citc/ChuZSC21,
	author       = {Shumo Chu and
	Danyang Zhuo and
	Elaine Shi and
	T.{-}H. Hubert Chan},
	title        = {Differentially Oblivious Database Joins: Overcoming the Worst-Case
	Curse of Fully Oblivious Algorithms},
	booktitle    = {{ITC}},
	series       = {LIPIcs},
	volume       = {199},
	pages        = {19:1--19:24},
	publisher    = {Schloss Dagstuhl - Leibniz-Zentrum f{\"{u}}r Informatik},
	year         = {2021}
}

@inproceedings{DBLP:conf/acns/GordonKLX22,
	author       = {S. Dov Gordon and
	Jonathan Katz and
	Mingyu Liang and
	Jiayu Xu},
	title        = {Spreading the Privacy Blanket: - Differentially Oblivious Shuffling
	for Differential Privacy},
	booktitle    = {{ACNS}},
	series       = {Lecture Notes in Computer Science},
	volume       = {13269},
	pages        = {501--520},
	publisher    = {Springer},
	year         = {2022}
}

@article{DBLP:journals/iacr/ShiCSL11,
	author       = {Elaine Shi and
	T.{-}H. Hubert Chan and
	Emil Stefanov and
	Mingfei Li},
	title        = {Oblivious {RAM} with O((log N)\({}^{\mbox{3}}\)) Worst-Case Cost},
	journal      = {{IACR} Cryptol. ePrint Arch.},
	pages        = {407},
	year         = {2011}
}

@article{DBLP:journals/iacr/StefanovDSFRYD13,
	author       = {Emil Stefanov and
	Marten van Dijk and
	Elaine Shi and
	Christopher W. Fletcher and
	Ling Ren and
	Xiangyao Yu and
	Srinivas Devadas},
	title        = {Path {ORAM:} An Extremely Simple Oblivious {RAM} Protocol},
	journal      = {{IACR} Cryptol. ePrint Arch.},
	pages        = {280},
	year         = {2013}
}

@inproceedings{DBLP:conf/ccs/WangCS15,
	author       = {Xiao Wang and
	T.{-}H. Hubert Chan and
	Elaine Shi},
	title        = {Circuit {ORAM:} On Tightness of the Goldreich-Ostrovsky Lower Bound},
	booktitle    = {{CCS}},
	pages        = {850--861},
	publisher    = {{ACM}},
	year         = {2015}
}

@inproceedings{DBLP:conf/ccs/WangNLCSSH14,
	author       = {Xiao Shaun Wang and
	Kartik Nayak and
	Chang Liu and
	T.{-}H. Hubert Chan and
	Elaine Shi and
	Emil Stefanov and
	Yan Huang},
	title        = {Oblivious Data Structures},
	booktitle    = {{CCS}},
	pages        = {215--226},
	publisher    = {{ACM}},
	year         = {2014}
}

@inproceedings{DBLP:conf/spaa/RamachandranS21,
	author       = {Vijaya Ramachandran and
	Elaine Shi},
	title        = {Data Oblivious Algorithms for Multicores},
	booktitle    = {{SPAA}},
	pages        = {373--384},
	publisher    = {{ACM}},
	year         = {2021}
}

@article{DBLP:journals/popets/WaghCM18,
	author       = {Sameer Wagh and
	Paul Cuff and
	Prateek Mittal},
	title        = {Differentially Private Oblivious {RAM}},
	journal      = {Proc. Priv. Enhancing Technol.},
	volume       = {2018},
	number       = {4},
	pages        = {64--84},
	year         = {2018}
}

@inproceedings{DBLP:conf/eurocrypt/PersianoY23,
	author       = {Giuseppe Persiano and
	Kevin Yeo},
	title        = {Lower Bound Framework for Differentially Private and Oblivious Data
	Structures},
	booktitle    = {{EUROCRYPT} {(1)}},
	series       = {Lecture Notes in Computer Science},
	volume       = {14004},
	pages        = {487--517},
	publisher    = {Springer},
	year         = {2023}
}

@inproceedings{DBLP:conf/ccs/BogatovKKNO21,
	author       = {Dmytro Bogatov and
	Georgios Kellaris and
	George Kollios and
	Kobbi Nissim and
	Adam O'Neill},
	title        = {{\(\epsilon\)}psolute: Efficiently Querying Databases While Providing
	Differential Privacy},
	booktitle    = {{CCS}},
	pages        = {2262--2276},
	publisher    = {{ACM}},
	year         = {2021}
}

@inproceedings{DBLP:conf/innovations/KomargodskiS21,
	author       = {Ilan Komargodski and
	Elaine Shi},
	title        = {Differentially Oblivious Turing Machines},
	booktitle    = {{ITCS}},
	series       = {LIPIcs},
	volume       = {185},
	pages        = {68:1--68:19},
	publisher    = {Schloss Dagstuhl - Leibniz-Zentrum f{\"{u}}r Informatik},
	year         = {2021}
}


@inproceedings{DBLP:conf/eurocrypt/ZhouSCM23,
  author       = {Mingxun Zhou and
                  Elaine Shi and
                  T.{-}H. Hubert Chan and
                  Shir Maimon},
  title        = {A Theory of Composition for Differential Obliviousness},
  booktitle    = {{EUROCRYPT} {(3)}},
  series       = {Lecture Notes in Computer Science},
  volume       = {14006},
  pages        = {3--34},
  publisher    = {Springer},
  year         = {2023}
}
@inproceedings{DBLP:conf/icml/Jaggi13,
	author       = {Martin Jaggi},
	title        = {Revisiting Frank-Wolfe: Projection-Free Sparse Convex Optimization},
	booktitle    = {{ICML} {(1)}},
	series       = {{JMLR} Workshop and Conference Proceedings},
	volume       = {28},
	pages        = {427--435},
	publisher    = {JMLR.org},
	year         = {2013}
}

@inproceedings{DBLP:conf/innovations/ZhouZCS24,
	author       = {Mingxun Zhou and
	Mengshi Zhao and
	T.{-}H. Hubert Chan and
	Elaine Shi},
	title        = {Advanced Composition Theorems for Differential Obliviousness},
	booktitle    = {{ITCS}},
	series       = {LIPIcs},
	volume       = {287},
	pages        = {103:1--103:24},
	publisher    = {Schloss Dagstuhl - Leibniz-Zentrum f{\"{u}}r Informatik},
	year         = {2024}
}

@inproceedings{DBLP:conf/icalp/Dwork06,
  author       = {Cynthia Dwork},
  title        = {Differential Privacy},
  booktitle    = {{ICALP} {(2)}},
  series       = {Lecture Notes in Computer Science},
  volume       = {4052},
  pages        = {1--12},
  publisher    = {Springer},
  year         = {2006}
}

@article{Nesterov1983AMF,
	title={A method for solving the convex programming problem with convergence rate $O(1/k^2)$},
	author={Yurii Nesterov},
	journal={Proceedings of the USSR Academy of Sciences},
	year={1983},
	volume={269},
	pages={543-547},
	url={https://api.semanticscholar.org/CorpusID:145918791}
}


@article{kadane1968discrete,
  title={Discrete search and the Neyman-Pearson lemma},
  author={Kadane, Joseph B},
  journal={Journal of Mathematical Analysis and Applications},
  volume={22},
  number={1},
  pages={156--171},
  year={1968},
  publisher={Elsevier}
}

@article{DBLP:journals/jacm/ChanLTZ18,
  author       = {T.{-}H. Hubert Chan and
                  Anand Louis and
                  Zhihao Gavin Tang and
                  Chenzi Zhang},
  title        = {Spectral Properties of Hypergraph Laplacian and Approximation Algorithms},
  journal      = {J. {ACM}},
  volume       = {65},
  number       = {3},
  pages        = {15:1--15:48},
  year         = {2018}
}

@inproceedings{DBLP:conf/waoa/BansalC21,
  author       = {Nikhil Bansal and
                  Ilan Reuven Cohen},
  title        = {Contention Resolution, Matrix Scaling and Fair Allocation},
  booktitle    = {{WAOA}},
  series       = {Lecture Notes in Computer Science},
  volume       = {12982},
  pages        = {252--274},
  publisher    = {Springer},
  year         = {2021}
}

@inproceedings{DBLP:conf/focs/ChenKLPGS22,
  author       = {Li Chen and
                  Rasmus Kyng and
                  Yang P. Liu and
                  Richard Peng and
                  Maximilian Probst Gutenberg and
                  Sushant Sachdeva},
  title        = {Maximum Flow and Minimum-Cost Flow in Almost-Linear Time},
  booktitle    = {{FOCS}},
  pages        = {612--623},
  publisher    = {{IEEE}},
  year         = {2022}
}

@inproceedings{DBLP:conf/soda/GoelKK12,
	author       = {Ashish Goel and
	Michael Kapralov and
	Sanjeev Khanna},
	title        = {On the communication and streaming complexity of maximum bipartite
	matching},
	booktitle    = {{SODA}},
	pages        = {468--485},
	publisher    = {{SIAM}},
	year         = {2012}
}

@article{DBLP:journals/talg/LeeS20,
	author       = {Euiwoong Lee and
	Sahil Singla},
	title        = {Maximum Matching in the Online Batch-arrival Model},
	journal      = {{ACM} Trans. Algorithms},
	volume       = {16},
	number       = {4},
	pages        = {49:1--49:31},
	year         = {2020}
}

@article{DBLP:journals/corr/abs-2211-16581,
	author       = {Yiding Feng and
	Rad Niazadeh},
	title        = {Batching and Optimal Multi-stage Bipartite Allocations},
	journal      = {CoRR},
	volume       = {abs/2211.16581},
	year         = {2022}
}

@article{DBLP:journals/corr/abs-2210-11648,
	author       = {Yiding Feng and
	Rad Niazadeh and
	Amin Saberi},
	title        = {Two-stage Stochastic Matching and Pricing with Applications to Ride
	Hailing},
	journal      = {CoRR},
	volume       = {abs/2210.11648},
	year         = {2022}
}

@article{DBLP:journals/jacm/BernsteinHR19,
	author       = {Aaron Bernstein and
	Jacob Holm and
	Eva Rotenberg},
	title        = {Online Bipartite Matching with Amortized \emph{O}(log \({}^{\mbox{2}}\)
	\emph{n}) Replacements},
	journal      = {J. {ACM}},
	volume       = {66},
	number       = {5},
	pages        = {37:1--37:23},
	year         = {2019}
}

@inproceedings{DBLP:conf/soda/BuchbinderGHKS24,
	author       = {Niv Buchbinder and
	Anupam Gupta and
	Daniel Hathcock and
	Anna R. Karlin and
	Sherry Sarkar},
	title        = {Maintaining Matroid Intersections Online},
	booktitle    = {{SODA}},
	pages        = {4283--4304},
	publisher    = {{SIAM}},
	year         = {2024}
}

@inproceedings{DBLP:conf/icalp/0001G0019,
	author       = {Naveen Garg and
	Anupam Gupta and
	Amit Kumar and
	Sahil Singla},
	title        = {Non-Clairvoyant Precedence Constrained Scheduling},
	booktitle    = {{ICALP}},
	series       = {LIPIcs},
	volume       = {132},
	pages        = {63:1--63:14},
	publisher    = {Schloss Dagstuhl - Leibniz-Zentrum f{\"{u}}r Informatik},
	year         = {2019}
}

@article{DBLP:journals/geb/JainV10,
	author       = {Kamal Jain and
	Vijay V. Vazirani},
	title        = {Eisenberg-Gale markets: Algorithms and game-theoretic properties},
	journal      = {Games Econ. Behav.},
	volume       = {70},
	number       = {1},
	pages        = {84--106},
	year         = {2010}
}

@inproceedings{DBLP:conf/csfw/Mironov17,
  author       = {Ilya Mironov},
  title        = {R{\'{e}}nyi Differential Privacy},
  booktitle    = {{CSF}},
  pages        = {263--275},
  publisher    = {{IEEE} Computer Society},
  year         = {2017}
}

@book{brualdi2006combinatorial,
	title={Combinatorial matrix classes},
	author={Brualdi, Richard A},
	volume={13},
	year={2006},
	publisher={Cambridge University Press}
}

@book{bhcombinatorial,
	title={Combinatorial optimization: theory and algorithms},
	author={BH 1938-(Bernhard H.) Korte},
	publisher={Springer}
}

@book{schrijver2003combinatorial,
	title={Combinatorial optimization: polyhedra and efficiency},
	author={Schrijver, Alexander and others},
	volume={24},
	number={2},
	year={2003},
	publisher={Springer}
}

@article{behrend2013fractional,
	title={Fractional perfect b-matching polytopes I: General theory},
	author={Behrend, Roger E},
	journal={Linear Algebra and its Applications},
	volume={439},
	number={12},
	pages={3822--3858},
	year={2013},
	publisher={Elsevier}
}

@inproceedings{DBLP:conf/approx/MotwaniPX06,
	author       = {Rajeev Motwani and
	Rina Panigrahy and
	Ying Xu},
	title        = {Fractional Matching Via Balls-and-Bins},
	booktitle    = {{APPROX-RANDOM}},
	series       = {Lecture Notes in Computer Science},
	volume       = {4110},
	pages        = {487--498},
	publisher    = {Springer},
	year         = {2006}
}

@inproceedings{DBLP:conf/stoc/Vadhan023,
  author       = {Salil P. Vadhan and
                  Wanrong Zhang},
  title        = {Concurrent Composition Theorems for Differential Privacy},
  booktitle    = {{STOC}},
  pages        = {507--519},
  publisher    = {{ACM}},
  year         = {2023}
}

@inproceedings{DBLP:conf/esa/HarbQC23,
  author       = {Elfarouk Harb and
                  Kent Quanrud and
                  Chandra Chekuri},
  title        = {Convergence to Lexicographically Optimal Base in a (Contra)Polymatroid
                  and Applications to Densest Subgraph and Tree Packing},
  booktitle    = {{ESA}},
  series       = {LIPIcs},
  volume       = {274},
  pages        = {56:1--56:17},
  publisher    = {Schloss Dagstuhl - Leibniz-Zentrum f{\"{u}}r Informatik},
  year         = {2023}
}

@article{fisher1892,
  author = {Fisher, Irving},
  title = {Mathematical Investigations in the Theory of Value and Prices},
  school = {Yale University},
  year = {1892}
}
